<?xml version = "1.0" encoding = "UTF-8"?><record>
  <leader>01417naa#a2200301#c#4500</leader>
  <controlfield tag="005">20210408112445.0</controlfield>
  <controlfield tag="007">tu</controlfield>
  <controlfield tag="008">951023|1993####gw############|||#|#ger#c</controlfield>
  <controlfield tag="003">DE-605</controlfield>
  <controlfield tag="001">990110615840206441</controlfield>
  <datafield tag="035" ind1=" " ind2=" ">
    <subfield code="a">(DE-605)BT000014215</subfield>
  </datafield>
  <datafield tag="040" ind1=" " ind2=" ">
    <subfield code="a">6/NWBib</subfield>
    <subfield code="b">ger</subfield>
    <subfield code="d">6</subfield>
    <subfield code="e">rakwb</subfield>
  </datafield>
  <datafield tag="041" ind1=" " ind2=" ">
    <subfield code="a">ger</subfield>
  </datafield>
  <datafield tag="044" ind1=" " ind2=" ">
    <subfield code="c">XA-DE</subfield>
  </datafield>
  <datafield tag="084" ind1=" " ind2=" ">
    <subfield code="a">Herzogtum Westfalen</subfield>
    <subfield code="0">https://nwbib.de/spatial#N62</subfield>
    <subfield code="2">nwbib</subfield>
  </datafield>
  <datafield tag="084" ind1=" " ind2=" ">
    <subfield code="a">Heilige. Heiligenverehrung</subfield>
    <subfield code="0">https://nwbib.de/subjects#N611090</subfield>
    <subfield code="2">nwbib</subfield>
  </datafield>
  <datafield tag="100" ind1="1" ind2=" ">
    <subfield code="a">Nettekoven, Heinrich</subfield>
    <subfield code="4">aut</subfield>
  </datafield>
  <datafield tag="245" ind1="1" ind2="0">
    <subfield code="a">&lt;&lt;Die&gt;&gt; Reliquien der hlg. drei K&#246;nige</subfield>
    <subfield code="b">urkundliche Festlegung ... &#252;ber die 1794 erfolgte Translation der Reliquien der HLG. Drei K&#246;nige vom 5. August 1808</subfield>
    <subfield code="c">Heinrich Nettekoven ; Johannes Arnoldus Glessen. &#220;bersetzung des lateinischen Textes durch Hans Kallhoff</subfield>
  </datafield>
  <datafield tag="264" ind1=" " ind2="1">
    <subfield code="c">1993</subfield>
  </datafield>
  <datafield tag="689" ind1="0" ind2="0">
    <subfield code="a">Nikolaus</subfield>
    <subfield code="c">von Verdun</subfield>
    <subfield code="d">1150-1210</subfield>
    <subfield code="t">Dreik&#246;nigsschrein</subfield>
    <subfield code="D">p</subfield>
    <subfield code="0">(DE-588)4219055-1</subfield>
    <subfield code="0">(uri) https://portal.dnb.de/opac.htm?method=simpleSearch&amp;cqlMode=true&amp;query=idn=04219055X</subfield>
    <subfield code="0">(uri) http://viaf.org/viaf/sourceID/DNB|04219055X</subfield>
    <subfield code="B">GND-04219055X</subfield>
  </datafield>
  <datafield tag="700" ind1="1" ind2=" ">
    <subfield code="a">Glessen, Johannes Arnoldus</subfield>
    <subfield code="4">aut</subfield>
  </datafield>
  <datafield tag="700" ind1="1" ind2=" ">
    <subfield code="a">Kallhoff, Hans</subfield>
    <subfield code="4">trl</subfield>
  </datafield>
  <datafield tag="773" ind1="0" ind2="8">
    <subfield code="i">Enthalten in</subfield>
    <subfield code="t">Patrone und Heilige im kurk&#246;lnischen Sauerland / Red.: Michael Senger. [Mitarb.: Christine Aka ...]</subfield>
    <subfield code="d">Schmallenberg-Holthausen, 1993</subfield>
    <subfield code="g">S. 113-114</subfield>
    <subfield code="k">Ver&#246;ffentlichungen des Schieferbergbaumuseums zur Landesgeschichte ; Bd. 14</subfield>
    <subfield code="w">(DE-605)HT005016197</subfield>
  </datafield>
  <datafield tag="960" ind1="1" ind2=" ">
    <subfield code="n">NWBib-6</subfield>
  </datafield>
  <datafield tag="964" ind1="0" ind2="s">
    <subfield code="F">030</subfield>
    <subfield code="A">a|1uc||||||37</subfield>
  </datafield>
  <datafield tag="964" ind1="0" ind2="s">
    <subfield code="F">050</subfield>
    <subfield code="A">a|||||||||||||</subfield>
  </datafield>
  <datafield tag="964" ind1="0" ind2="s">
    <subfield code="F">051</subfield>
    <subfield code="A">at||||||</subfield>
  </datafield>
  <datafield tag="035" ind1=" " ind2=" ">
    <subfield code="a">(DE-599)HBZBT000014215</subfield>
  </datafield>
  <datafield tag="MBD" ind1=" " ind2=" ">
    <subfield code="M">49HBZ_NETWORK</subfield>
    <subfield code="i">990110615840206441</subfield>
    <subfield code="n">HBZ Network</subfield>
  </datafield>
  <datafield tag="MNG" ind1=" " ind2=" ">
    <subfield code="c">System</subfield>
    <subfield code="f">ILS</subfield>
    <subfield code="i">marc21</subfield>
    <subfield code="k">01</subfield>
    <subfield code="e">false</subfield>
    <subfield code="d">2021-04-08 11:24:45 Europe/Berlin</subfield>
    <subfield code="g">011061584-HBZ01</subfield>
    <subfield code="j">60</subfield>
    <subfield code="a">import</subfield>
    <subfield code="b">2021-04-05 09:40:30 Europe/Berlin</subfield>
  </datafield>
  <datafield tag="GPN" ind1="0" ind2=" ">
    <subfield code="a">Nikolaus</subfield>
    <subfield code="c">von Verdun</subfield>
    <subfield code="d">1150-1210</subfield>
    <subfield code="t">Dreiko&#776;nigenschrein</subfield>
    <subfield code="9">v:Vorlage, Dehio</subfield>
    <subfield code="A">GND</subfield>
    <subfield code="B">GND-04219055X</subfield>
    <subfield code="C">400</subfield>
  </datafield>
  <datafield tag="GSI" ind1="7" ind2=" ">
    <subfield code="a">http://d-nb.info/gnd/4219055-1</subfield>
    <subfield code="2">uri</subfield>
    <subfield code="A">GND</subfield>
    <subfield code="B">GND-04219055X</subfield>
    <subfield code="C">024</subfield>
  </datafield>
</record>